@Book{rails4_way,
  author    = "Obie Fernandez",
  title     = "The Rails 4 Way",
  publisher = "Leanpub",
  year      =  2014,
  isbn      = "978-0-321-94427-6"
}
@Book{programming_ruby,
  author    = "Dave Thomas",
  title     = "Programming Ruby 1.9 \& 2.0",
  publisher = "The Pragmatic Programmers",
  year      =  2014,
  isbn      = "978-1-93778-549-9"
}
@Book{ror21,
   author    = "Jarosław Zabiełło",
   title     = "Ruby on Rails 2.1 -- Tworzenie nowoczesnych aplikacji internetowych",
   publisher = "Helion",
   year      =  2009,
   isbn      = "978-83-246-0631-3"
}
@Book{head_first,
  author    = "David Griffiths",
  title     = "Head First Ruby on Rails",
  publisher = "Helion",
  year      =  2010,
  isbn      = "978-83-246-2130-9"
}
@Book{html5_css3,
  author    = "Brian P. Hogan",
  title     = "HTML5 i CSS3 Standardy przyszłości",
  publisher = "Helion",
  year      =  2011,
  isbn      = "978-83-246-3028-8"
}
@Book{ruby_patterns,
  author    = "Russ Olsen",
  title     = "Ruby. Wzorce Projektowe",
  publisher = "Helion",
  year      =  2008,
  isbn      = "978-83-246-1688-6"
}
@Book{java_script,
  author    = "Michael Moncur",
  title     = "JavaScript dla każdego",
  publisher = "Helion",
  year      =  2007,
  isbn      = "83-246-0766-8"
}
@misc{ruby_lang,
  author =       "",
  key =          "1",
  title =        "{Strona domowa języka Ruby}",
  howpublished = "[online]",
  note =         "[dostęp: 2013-01-12]",
  annote = "\url{http://ruby-lang.org}"
}
@misc{ruby_rails,
  author =       "",
  key =          "1",
  title =        "{Strona domowa Ruby on Rails}",
  howpublished = "[online]",
  note =         "[dostęp: 2014-10-27]",
  annote = "\url{http://rubyonrails.org}"
}
@misc{git,
  author =       "",
  key =          "1",
  title =        "{Git Home Page}",
  howpublished = "[online]",
  note =         "[dostęp: 2014-10-27]",
  annote = "\url{http://www.git-scm.com/doc}"
}
@misc{rubydoc,
  author =       "",
  key =          "1",
  title =        "{Ruby Gem Documentations}",
  howpublished = "[online]",
  note =         "[dostęp: 2014-10-27]",
  annote = "\url{http://rubydoc.info/}"
}
@misc{coffee,
  author =       "",
  key =          "1",
  title =        "{CoffeeScript Home Page}",
  howpublished = "[online]",
  note =         "[dostęp: 2014-10-27]",
  annote = "\url{http://coffeescript.org/}"
}
@misc{sass,
  author =       "",
  key =          "1",
  title =        "{Sass Home Page}",
  howpublished = "[online]",
  note =         "[dostęp: 2014-10-27]",
  annote = "\url{http://sass-lang.com/}"
}
@misc{rspec,
  author =       "",
  key =          "1",
  title =        "{RSpec Documentation}",
  howpublished = "[online]",
  note =         "[dostęp: 2014-10-27]",
  annote = "\url{http://rspec.info/}"
}
@misc{bootstrap,
  author =       "",
  key =          "1",
  title =        "{Bootstrap Home Page}",
  howpublished = "[online]",
  note =         "[dostęp: 2014-10-27]",
  annote = "\url{http://bootstrap.com/}"
}
@misc{rails_guide,
  author =       "",
  key =          "1",
  title =        "{Rails Guides}",
  howpublished = "[online]",
  note =         "[dostęp: 2014-10-27]",
  annote = "\url{http://guides.rubyonrails.org/}"
}
@misc{cucumber,
  author =       "",
  key =          "1",
  title =        "{Cucumber BDD}",
  howpublished = "[online]",
  note =         "[dostęp: 2014-10-27]",
  annote = "\url{http://cukes.info/}"
}
@misc{testing_tuesday,
  author =       "",
  key =          "1",
  title =        "{Blog Testing Tuesday}",
  howpublished = "[online]",
  note =         "[dostęp: 2014-10-27]",
  annote = "\url{http://blog.codeship.io/category/testing-tuesday/}"
}
@misc{ruby_style_guide,
  author =       "",
  key =          "1",
  title =        "{The Ruby Style Guide}",
  howpublished = "[online]",
  note =         "[dostęp: 2014-10-27]",
  annote = "\url{https://github.com/bbatsov/ruby-style-guide/}"
}
@misc{rails_style_guide,
  author =       "",
  key =          "1",
  title =        "{The Rails Style Guide}",
  howpublished = "[online]",
  note =         "[dostęp: 2014-10-27]",
  annote = "\url{https://github.com/bbatsov/rails-style-guide/}"
}
@misc{jquery,
  author =       "",
  key =          "1",
  title =        "{jQuery Home Page}",
  howpublished = "[online]",
  note =         "[dostęp: 2014-10-27]",
  annote = "\url{http://jquery.com/}"
}
@misc{interactors,
  author =       "",
  key =          "1",
  title =        "{Blog joingrouper.com}",
  howpublished = "[online]",
  note =         "[dostęp: 2014-11-24]",
  annote = "\url{http:eng.joingrouper.com/blog/2014/03/03/rails-the-missing-parts-interactors/}"
}
@misc{json,
  author =       "",
  key =          "1",
  title =        "{Introducting JSON}",
  howpublished = "[online]",
  note =         "[dostęp: 2014-11-30]",
  annote = "\url{http://www.json.org//}"
}
@misc{dod,
  author =       "",
  key =          "1",
  title =        "{Definition of Done}",
  howpublished = "[online]",
  note =         "[dostęp: 2014-11-30]",
  annote = "\url{https://github.com/fractalsoft/definition-of-done}"
}
@misc{scs,
  author =       "",
  key =          "1",
  title =        "{Simple Coding Standards}",
  howpublished = "[online]",
  note =         "[dostęp: 2014-11-30]",
  annote = "\url{https://github.com/fractalsoft/simple-coding-standards}"
}
@misc{tdd,
  author =       "Arkadiusz Benedykt",
  key =          "1",
  title =        "{Test Driven Development}",
  howpublished = "[online]",
  note =         "[dostęp: 2014-12-03]",
  annote = "\url{http://msdn.microsoft.com/pl-pl/library/test-driven-development.aspx}"
}
@misc{oauth,
  author =       "",
  key =          "1",
  title =        "{OAuth documentation}",
  howpublished = "[online]",
  note =         "[dostęp: 2014-11-30]",
  annote = "\url{http://oauth.net/documentation/}"
}
